[gd_scene load_steps=4 format=2]

[ext_resource path="res://UI/Windows/CloseableWindow.tscn" type="PackedScene" id=1]
[ext_resource path="res://UI/Windows/Window.cs" type="Script" id=2]
[ext_resource path="res://UI/Windows/CharacterWindowContainer.cs" type="Script" id=3]

[node name="Window" index="0" instance=ExtResource( 1 )]

margin_right = 275.0
margin_bottom = 400.0
script = ExtResource( 2 )

[node name="Content" parent="." index="0"]

margin_right = 268.0
margin_bottom = 393.0

[node name="TitleBar" parent="Content" index="0"]

editor/display_folded = true
margin_right = 261.0

[node name="Bar" parent="Content/TitleBar" index="0"]

margin_right = 237.0
mouse_default_cursor_shape = 0

[node name="Title" parent="Content/TitleBar/Bar" index="0"]

text = "Character Name"
_sections_unfolded = [ "Size Flags" ]

[node name="CloseButton" parent="Content/TitleBar" index="1"]

margin_left = 241.0
margin_right = 261.0

[node name="Body" type="VBoxContainer" parent="Content" index="1"]

anchor_left = 0.0
anchor_top = 0.0
anchor_right = 0.0
anchor_bottom = 0.0
margin_top = 24.0
margin_right = 261.0
margin_bottom = 176.0
rect_pivot_offset = Vector2( 0, 0 )
rect_clip_content = false
mouse_filter = 1
mouse_default_cursor_shape = 0
size_flags_horizontal = 1
size_flags_vertical = 1
custom_constants/separation = 10
alignment = 0
script = ExtResource( 3 )
_sections_unfolded = [ "Mouse", "custom_constants" ]

[node name="SpeciesLabel" type="Label" parent="Content/Body" index="0"]

anchor_left = 0.0
anchor_top = 0.0
anchor_right = 0.0
anchor_bottom = 0.0
margin_right = 261.0
margin_bottom = 14.0
rect_pivot_offset = Vector2( 0, 0 )
rect_clip_content = false
mouse_filter = 0
mouse_default_cursor_shape = 0
size_flags_horizontal = 1
size_flags_vertical = 4
text = "Species Type"
percent_visible = 1.0
lines_skipped = 0
max_lines_visible = -1
_sections_unfolded = [ "Mouse" ]

[node name="AgeContainer" type="HBoxContainer" parent="Content/Body" index="1"]

anchor_left = 0.0
anchor_top = 0.0
anchor_right = 0.0
anchor_bottom = 0.0
margin_top = 24.0
margin_right = 261.0
margin_bottom = 38.0
rect_pivot_offset = Vector2( 0, 0 )
rect_clip_content = false
mouse_filter = 1
mouse_default_cursor_shape = 0
size_flags_horizontal = 1
size_flags_vertical = 1
alignment = 0

[node name="Label" type="Label" parent="Content/Body/AgeContainer" index="0"]

anchor_left = 0.0
anchor_top = 0.0
anchor_right = 0.0
anchor_bottom = 0.0
margin_right = 235.0
margin_bottom = 14.0
rect_pivot_offset = Vector2( 0, 0 )
rect_clip_content = false
mouse_filter = 2
mouse_default_cursor_shape = 0
size_flags_horizontal = 3
size_flags_vertical = 4
text = "Age:"
percent_visible = 1.0
lines_skipped = 0
max_lines_visible = -1
_sections_unfolded = [ "Size Flags" ]

[node name="Age" type="Label" parent="Content/Body/AgeContainer" index="1"]

anchor_left = 0.0
anchor_top = 0.0
anchor_right = 0.0
anchor_bottom = 0.0
margin_left = 239.0
margin_right = 261.0
margin_bottom = 14.0
rect_pivot_offset = Vector2( 0, 0 )
rect_clip_content = false
mouse_filter = 2
mouse_default_cursor_shape = 0
size_flags_horizontal = 1
size_flags_vertical = 4
text = "NYI"
percent_visible = 1.0
lines_skipped = 0
max_lines_visible = -1

[node name="IdeologyContainer" type="HBoxContainer" parent="Content/Body" index="2"]

anchor_left = 0.0
anchor_top = 0.0
anchor_right = 0.0
anchor_bottom = 0.0
margin_top = 48.0
margin_right = 261.0
margin_bottom = 80.0
rect_pivot_offset = Vector2( 0, 0 )
rect_clip_content = false
mouse_filter = 1
mouse_default_cursor_shape = 0
size_flags_horizontal = 1
size_flags_vertical = 1
alignment = 0
_sections_unfolded = [ "Hint", "Mouse" ]

[node name="Label" type="Label" parent="Content/Body/IdeologyContainer" index="0"]

anchor_left = 0.0
anchor_top = 0.0
anchor_right = 0.0
anchor_bottom = 0.0
margin_top = 9.0
margin_right = 155.0
margin_bottom = 23.0
rect_pivot_offset = Vector2( 0, 0 )
rect_clip_content = false
hint_tooltip = "An Ideology is an abstraction for a character's beliefs.
Characters with opposing Ideologies tend to dislike each other."
mouse_filter = 1
mouse_default_cursor_shape = 0
size_flags_horizontal = 3
size_flags_vertical = 4
text = "Ideology:"
percent_visible = 1.0
lines_skipped = 0
max_lines_visible = -1
_sections_unfolded = [ "Hint", "Mouse", "Size Flags" ]

[node name="IdeologyList" type="VBoxContainer" parent="Content/Body/IdeologyContainer" index="1"]

anchor_left = 0.0
anchor_top = 0.0
anchor_right = 0.0
anchor_bottom = 0.0
margin_left = 159.0
margin_right = 261.0
margin_bottom = 32.0
rect_pivot_offset = Vector2( 0, 0 )
rect_clip_content = false
mouse_filter = 1
mouse_default_cursor_shape = 0
size_flags_horizontal = 1
size_flags_vertical = 1
alignment = 0

[node name="Ideology" type="Label" parent="Content/Body/IdeologyContainer/IdeologyList" index="0"]

anchor_left = 0.0
anchor_top = 0.0
anchor_right = 0.0
anchor_bottom = 0.0
margin_right = 102.0
margin_bottom = 14.0
rect_pivot_offset = Vector2( 0, 0 )
rect_clip_content = false
mouse_filter = 0
mouse_default_cursor_shape = 0
size_flags_horizontal = 1
size_flags_vertical = 4
text = "BaseIdeology"
align = 2
percent_visible = 1.0
lines_skipped = 0
max_lines_visible = -1
_sections_unfolded = [ "Mouse" ]

[node name="IdeologyGroup" type="Label" parent="Content/Body/IdeologyContainer/IdeologyList" index="1"]

anchor_left = 0.0
anchor_top = 0.0
anchor_right = 0.0
anchor_bottom = 0.0
margin_top = 18.0
margin_right = 102.0
margin_bottom = 32.0
rect_pivot_offset = Vector2( 0, 0 )
rect_clip_content = false
mouse_filter = 0
mouse_default_cursor_shape = 0
size_flags_horizontal = 1
size_flags_vertical = 4
text = "(IdeologyGroup)"
align = 2
percent_visible = 1.0
lines_skipped = 0
max_lines_visible = -1
_sections_unfolded = [ "Mouse" ]

[node name="TraitsContainer" type="HBoxContainer" parent="Content/Body" index="3"]

anchor_left = 0.0
anchor_top = 0.0
anchor_right = 0.0
anchor_bottom = 0.0
margin_top = 90.0
margin_right = 261.0
margin_bottom = 104.0
rect_pivot_offset = Vector2( 0, 0 )
rect_clip_content = false
mouse_filter = 1
mouse_default_cursor_shape = 0
size_flags_horizontal = 1
size_flags_vertical = 1
alignment = 0
_sections_unfolded = [ "Size Flags" ]

[node name="Label" type="Label" parent="Content/Body/TraitsContainer" index="0"]

anchor_left = 0.0
anchor_top = 0.0
anchor_right = 0.0
anchor_bottom = 0.0
margin_right = 257.0
margin_bottom = 14.0
rect_pivot_offset = Vector2( 0, 0 )
rect_clip_content = false
mouse_filter = 2
mouse_default_cursor_shape = 0
size_flags_horizontal = 3
size_flags_vertical = 4
text = "Traits:"
percent_visible = 1.0
lines_skipped = 0
max_lines_visible = -1
_sections_unfolded = [ "Size Flags" ]

[node name="TraitsList" type="VBoxContainer" parent="Content/Body/TraitsContainer" index="1"]

anchor_left = 0.0
anchor_top = 0.0
anchor_right = 0.0
anchor_bottom = 0.0
margin_left = 261.0
margin_right = 261.0
margin_bottom = 14.0
rect_pivot_offset = Vector2( 0, 0 )
rect_clip_content = false
mouse_filter = 1
mouse_default_cursor_shape = 0
size_flags_horizontal = 1
size_flags_vertical = 1
alignment = 0
_sections_unfolded = [ "Size Flags" ]

[node name="Label3" type="Label" parent="Content/Body/TraitsContainer/TraitsList" index="0"]

visible = false
anchor_left = 0.0
anchor_top = 0.0
anchor_right = 0.0
anchor_bottom = 0.0
margin_right = 36.0
margin_bottom = 14.0
rect_pivot_offset = Vector2( 0, 0 )
rect_clip_content = false
mouse_filter = 2
mouse_default_cursor_shape = 0
size_flags_horizontal = 1
size_flags_vertical = 4
text = "Trait1"
align = 2
percent_visible = 1.0
lines_skipped = 0
max_lines_visible = -1

[node name="Label4" type="Label" parent="Content/Body/TraitsContainer/TraitsList" index="1"]

visible = false
anchor_left = 0.0
anchor_top = 0.0
anchor_right = 0.0
anchor_bottom = 0.0
margin_right = 36.0
margin_bottom = 14.0
rect_pivot_offset = Vector2( 0, 0 )
rect_clip_content = false
mouse_filter = 2
mouse_default_cursor_shape = 0
size_flags_horizontal = 1
size_flags_vertical = 4
text = "Trait2"
align = 2
percent_visible = 1.0
lines_skipped = 0
max_lines_visible = -1

[node name="Label5" type="Label" parent="Content/Body/TraitsContainer/TraitsList" index="2"]

visible = false
anchor_left = 0.0
anchor_top = 0.0
anchor_right = 0.0
anchor_bottom = 0.0
margin_right = 36.0
margin_bottom = 14.0
rect_pivot_offset = Vector2( 0, 0 )
rect_clip_content = false
mouse_filter = 2
mouse_default_cursor_shape = 0
size_flags_horizontal = 1
size_flags_vertical = 4
text = "Trait3"
align = 2
percent_visible = 1.0
lines_skipped = 0
max_lines_visible = -1

[node name="OpinionContainer" type="HBoxContainer" parent="Content/Body" index="4"]

anchor_left = 0.0
anchor_top = 0.0
anchor_right = 0.0
anchor_bottom = 0.0
margin_top = 114.0
margin_right = 261.0
margin_bottom = 128.0
rect_pivot_offset = Vector2( 0, 0 )
rect_clip_content = false
mouse_filter = 1
mouse_default_cursor_shape = 0
size_flags_horizontal = 1
size_flags_vertical = 1
alignment = 0

[node name="Label" type="Label" parent="Content/Body/OpinionContainer" index="0"]

anchor_left = 0.0
anchor_top = 0.0
anchor_right = 0.0
anchor_bottom = 0.0
margin_right = 233.0
margin_bottom = 14.0
rect_pivot_offset = Vector2( 0, 0 )
rect_clip_content = false
mouse_filter = 2
mouse_default_cursor_shape = 0
size_flags_horizontal = 3
size_flags_vertical = 4
text = "Opinion of Me:"
percent_visible = 1.0
lines_skipped = 0
max_lines_visible = -1
_sections_unfolded = [ "Size Flags" ]

[node name="Opinion" type="Label" parent="Content/Body/OpinionContainer" index="1"]

anchor_left = 0.0
anchor_top = 0.0
anchor_right = 0.0
anchor_bottom = 0.0
margin_left = 237.0
margin_right = 261.0
margin_bottom = 14.0
rect_pivot_offset = Vector2( 0, 0 )
rect_clip_content = false
mouse_filter = 0
mouse_default_cursor_shape = 0
size_flags_horizontal = 1
size_flags_vertical = 4
text = "N/A"
percent_visible = 1.0
lines_skipped = 0
max_lines_visible = -1
_sections_unfolded = [ "Mouse" ]

[node name="Label2" type="Label" parent="Content/Body" index="5"]

anchor_left = 0.0
anchor_top = 0.0
anchor_right = 0.0
anchor_bottom = 0.0
margin_top = 138.0
margin_right = 261.0
margin_bottom = 152.0
rect_pivot_offset = Vector2( 0, 0 )
rect_clip_content = false
mouse_filter = 2
mouse_default_cursor_shape = 0
size_flags_horizontal = 1
size_flags_vertical = 4
text = "To Be Expanded Upon"
percent_visible = 1.0
lines_skipped = 0
max_lines_visible = -1
_sections_unfolded = [ "Mouse" ]


